@techreport{Wirthlin,
author = {M.J. Wirthlin},
title = {FPGAs operating in a radiation environment: lessons learned from FPGAs in space},
institution =  {IOP PUBLISHING FOR SISSA MEDIALAB},
year = {2012},
note = http://iopscience.iop.org/1748-0221/8/02/C02020,
}

@techreport{currentState,
title = {The current state of FPGA technology in the nuclear domain},
author = {J. Ranta},
institution = {VTT Technology},
year = {2012},
note = http://www.vtt.fi/vtt_show_record.jsp?target=julk&form=sdefe&search=67588
}

@article{Cromaz,
title = {A digital signal processing module for gamma-ray tracking detectors},
author = {M. Cromaz and V.J. Riot and P. Fallon and S. Gros},
year = {2012},
note = http://www.sciencedirect.com/science/article/pii/S0168900208010942
}

@techreport{Ugur,
title = {Field programmable gate array based data digitisation with commercial elements},
author = {C. Ugur and W. Koening},
institution = {IOP PUBLISHING FOR SISSA MEDIALAB},
year = {2012},
note = http://iopscience.iop.org/1748-0221/8/01/C01035
}

@techreport{Mayer,
title = {Ion implantation of silicon and germanium at room temperature},
author = {J. W. Mayer and L. Erikssons and S. T. Picrauxa and J. A. Davie},
institution = {Chalk River Nuclear Laboratories},
year = {2012},
note = http://www.nrcresearchpress.com/doi/pdf/10.1139/p68-082
}
